@article{dominating,
author = {Yannakakis, Mihalis and Gavril, Fanica},
year = {1980},
month = {06},
pages = {364-372},
title = {Edge Dominating Sets in Graphs},
volume = {38},
journal = {SIAM J. Appl. Math.},
doi = {10.1137/0138030}
}

@book{levitin2012introduction,
  title={Introduction to the Design \& Analysis of Algorithms},
  author={Levitin, A.},
  isbn={9780132316811},
  lccn={2011027089},
  series={Always learning},
  url={https://books.google.pt/books?id=dQeqKQEACAAJ},
  year={2012},
  publisher={Pearson}
}

@article{chaurasia,
author={Chaurasia,S. N. and Singh,A.},
year={2015},
title={A hybrid evolutionary algorithm with guided mutation for minimum weight dominating set},
journal={Applied Intelligence},
volume={43},
number={3},
pages={512-529},
note={Cited By :15},
language={English},
url={www.scopus.com},
}

@misc{sortpython,
  title = {{sort() in Python}},
  howpublished = "\url{https://www.geeksforgeeks.org/sort-in-python/}",
  year = {2022}, 
  note = "[Online; accessed 19-November-2022]"
}